<record xmlns="http://www.loc.gov/MARC21/slim" xmlns:xsi="http://www.w3.org/2001/XMLSchema-instance" xsi:schemaLocation="http://www.loc.gov/MARC21/slim http://www.loc.gov/standards/marcxml/schema/MARC21slim.xsd"><leader>     nam a22        4500</leader><controlfield tag="001">1588269</controlfield><controlfield tag="003">NIC</controlfield><controlfield tag="006">m        d        </controlfield><controlfield tag="007">cr cn |||m|||a</controlfield><controlfield tag="008">150316r19801963ir      ob    000 0 arar </controlfield><datafield ind1=" " ind2=" " tag="040"><subfield code="a">NNU</subfield><subfield code="b">eng</subfield><subfield code="e">rda</subfield><subfield code="c">NNU</subfield></datafield><datafield ind1="0" ind2="0" tag="050"><subfield code="a">BP130.4</subfield><subfield code="b">.T34 1980z</subfield></datafield><datafield ind1="1" ind2=" " tag="100"><subfield code="6">880-01</subfield><subfield code="a">T&#803;abarsi&#772;, al-Fad&#803;l ibn al-H&#803;asan,</subfield><subfield code="d">-1153.</subfield></datafield><datafield ind1="1" ind2="0" tag="245"><subfield code="6">880-02</subfield><subfield code="a">Majma&#699; al-baya&#772;n fi&#772; tafsi&#772;r al-Qur&#700;a&#772;n /</subfield><subfield code="c">ta&#700;li&#772;f Abi&#772; &#699;Ali&#772; al-Fad&#803;l ibn al-H&#803;asan al-T&#803;abarsi&#772; ; s&#803;ah&#803;h&#803;ah&#803;ahu wa-&#699;allaqa &#699;alayhi Ha&#772;shim al-Rasu&#772;li&#772; al-Mah&#803;alla&#772;ti&#772;.</subfield></datafield><datafield ind1=" " ind2=" " tag="260"><subfield code="6">880-03</subfield><subfield code="a">T&#803;ihra&#772;n :</subfield><subfield code="b">Maktabah al-&#699;Ilmi&#772;yah al-Isla&#772;mi&#772;yah,</subfield><subfield code="c">[198-?]</subfield></datafield><datafield ind1=" " ind2=" " tag="300"><subfield code="a">online resource (5 volumes)</subfield></datafield><datafield ind1=" " ind2=" " tag="336"><subfield code="a">text</subfield><subfield code="2">rdacontent</subfield></datafield><datafield ind1=" " ind2=" " tag="337"><subfield code="a">computer</subfield><subfield code="2">rdamedia</subfield></datafield><datafield ind1=" " ind2=" " tag="338"><subfield code="a">online resource</subfield><subfield code="2">rdacarrier</subfield></datafield><datafield ind1=" " ind2=" " tag="500"><subfield code="a">Reprint. Previously published: 1963?</subfield></datafield><datafield ind1=" " ind2=" " tag="500"><subfield code="a">Part of the Arabic Collections Online (ACO) project, contributed by Cornell University Libraries.</subfield></datafield><datafield ind1=" " ind2=" " tag="504"><subfield code="a">Includes bibliographical references.</subfield></datafield><datafield ind1=" " ind2=" " tag="533"><subfield code="a">Electronic reproduction.</subfield><subfield code="b">New York, N.Y. :</subfield><subfield code="c">New York University,</subfield><subfield code="d">2015.</subfield><subfield code="5">NNU</subfield></datafield><datafield ind1="0" ind2="0" tag="630"><subfield code="a">Qur&#700;an</subfield><subfield code="x">Commentaries</subfield><subfield code="v">Early works to 1800.</subfield></datafield><datafield ind1="1" ind2=" " tag="700"><subfield code="6">880-04</subfield><subfield code="a">Rasu&#772;li&#772; Mah&#803;alla&#772;ti&#772;, Ha&#772;shim.</subfield></datafield><datafield ind1="2" ind2=" " tag="710"><subfield code="a">Cornell University.</subfield><subfield code="b">Libraries.</subfield></datafield><datafield ind1="0" ind2=" " tag="730"><subfield code="a">Arabic Collections Online.</subfield></datafield><datafield ind1="0" ind2="8" tag="776"><subfield code="i">Print version:</subfield><subfield code="a">T&#803;abarsi&#772;, al-Fad&#803;l ibn al-H&#803;asan, -1153.</subfield><subfield code="t">Majma&#699; al-baya&#772;n fi&#772; tafsi&#772;r al-Qur&#700;a&#772;n</subfield><subfield code="w">(NIC)1588269</subfield><subfield code="w">(DLC)   85930750 </subfield><subfield code="w">(OCoLC)13701461</subfield></datafield><datafield ind1="4" ind2="0" tag="856"><subfield code="u">http://hdl.handle.net/2333.1/x69p8gff</subfield></datafield><datafield ind1="1" ind2=" " tag="880"><subfield code="6">100-01/r</subfield><subfield code="a">&#1591;&#1576;&#1585;&#1587;&#1610;&#1548; &#1575;&#1604;&#1601;&#1590;&#1604; &#1576;&#1606; &#1575;&#1604;&#1581;&#1587;&#1606;&#1548;,</subfield><subfield code="d">-1153.</subfield></datafield><datafield ind1="1" ind2="0" tag="880"><subfield code="6">245-02/r</subfield><subfield code="a">&#1605;&#1580;&#1605;&#1593; &#1575;&#1604;&#1576;&#1610;&#1575;&#1606; &#1601;&#1610; &#1578;&#1601;&#1587;&#1610;&#1585; &#1575;&#1604;&#1602;&#1585;&#1570;&#1606; /</subfield><subfield code="c">&#1578;&#1571;&#1604;&#1610;&#1601; &#1575;&#1576;&#1610; &#1593;&#1604;&#1610; &#1575;&#1604;&#1601;&#1590;&#1604; &#1576;&#1606; &#1575;&#1604;&#1581;&#1587;&#1606; &#1575;&#1604;&#1591;&#1576;&#1585;&#1587;&#1610; &#1563; &#1589;&#1581;&#1581;&#1607; &#1608;&#1593;&#1604;&#1602; &#1593;&#1604;&#1610;&#1607; &#1607;&#1575;&#1588;&#1605; &#1575;&#1604;&#1585;&#1587;&#1608;&#1604;&#1610; &#1575;&#1604;&#1605;&#1581;&#1604;&#1575;&#1578;&#1610;.</subfield></datafield><datafield ind1=" " ind2=" " tag="880"><subfield code="6">260-03/r</subfield><subfield code="a">&#1591;&#1607;&#1585;&#1575;&#1606; :</subfield><subfield code="b">&#1605;&#1603;&#1578;&#1576;&#1577; &#1575;&#1604;&#1593;&#1604;&#1605;&#1610;&#1577; &#1575;&#1604;&#1575;&#1587;&#1604;&#1575;&#1605;&#1610;&#1577;&#1548;</subfield><subfield code="c">[198&#1567;]</subfield></datafield><datafield ind1="1" ind2=" " tag="880"><subfield code="6">700-04/r</subfield><subfield code="a">&#1585;&#1587;&#1608;&#1604;&#1610; &#1605;&#1581;&#1604;&#1575;&#1578;&#1610;&#1548; &#1607;&#1575;&#1588;&#1605;.</subfield></datafield><datafield ind1=" " ind2=" " tag="959"><subfield code="a">NNU</subfield><subfield code="b">WEB</subfield><subfield code="c">GENI</subfield><subfield code="t">0</subfield><subfield code="m">Electronic access</subfield><subfield code="s">01</subfield></datafield><datafield ind1=" " ind2=" " tag="999"><subfield code="i">NIC_1588269</subfield><subfield code="o">(OCoLC)ocm13701461 </subfield><subfield code="s">cornell_aco000340:juz1</subfield><subfield code="s">cornell_aco000341:juz2</subfield><subfield code="s">cornell_aco000342:juz3</subfield><subfield code="s">cornell_aco000344:juz4</subfield><subfield code="s">cornell_aco000343:juz5</subfield></datafield></record>